<record><leader>00000cas a22000007a 4500</leader><controlfield tag="001">14288457</controlfield><controlfield tag="008">861001d19041972pauwr ne      0    0eng d</controlfield><datafield ind1=" " ind2=" " tag="010"><subfield code="a">sn 86083270 </subfield></datafield><datafield ind1=" " ind2=" " tag="040"><subfield code="a">NPH</subfield><subfield code="b">eng</subfield><subfield code="c">NPH</subfield><subfield code="d">OCLCQ</subfield></datafield><datafield ind1=" " ind2=" " tag="042"><subfield code="a">msc</subfield></datafield><datafield ind1="0" ind2="0" tag="245"><subfield code="a">West Newton times-sun.</subfield></datafield><datafield ind1="3" ind2="0" tag="246"><subfield code="a">Times-sun</subfield></datafield><datafield ind1=" " ind2=" " tag="260"><subfield code="a">West Newton, Pa. :</subfield><subfield code="b">Kreps &amp; Waters,</subfield><subfield code="c">-1972.</subfield></datafield><datafield ind1=" " ind2=" " tag="300"><subfield code="a">v. :</subfield><subfield code="b">ill. ;</subfield><subfield code="c">56 cm.</subfield></datafield><datafield ind1=" " ind2=" " tag="310"><subfield code="a">Weekly</subfield></datafield><datafield ind1="1" ind2=" " tag="362"><subfield code="a">Began in 1904?</subfield></datafield><datafield ind1="0" ind2=" " tag="362"><subfield code="a">-95th year, no. 13 (Dec. 21, 1972).</subfield></datafield><datafield ind1=" " ind2=" " tag="500"><subfield code="a">Publishers: Florilla W. Albig and E. Earl Albig, &lt;1942&gt;.</subfield></datafield><datafield ind1=" " ind2=" " tag="500"><subfield code="a">Contains section: West Newton high school times, &lt;Dec. 6, 1946&gt;.</subfield></datafield><datafield ind1=" " ind2=" " tag="588"><subfield code="a">Description based on: 26th year, no. 28 (May 26, 1904).</subfield></datafield><datafield ind1="0" ind2="2" tag="730"><subfield code="a">West Newton high school times.</subfield></datafield><datafield ind1=" " ind2=" " tag="752"><subfield code="a">United States</subfield><subfield code="b">Pennsylvania</subfield><subfield code="c">Westmoreland</subfield><subfield code="d">West Newton.</subfield></datafield><datafield ind1="0" ind2="0" tag="785"><subfield code="t">Times-sun</subfield><subfield code="w">(DLC)sn 86083269</subfield></datafield></record>